

@inproceedings{napoles2012annotated,
  title={Annotated gigaword},
  author={Napoles, Courtney and Gormley, Matthew and Van Durme, Benjamin},
  booktitle={Proceedings of the Joint Workshop on Automatic Knowledge Base Construction and Web-scale Knowledge Extraction},
  pages={95--100},
  year={2012},
  organization={Association for Computational Linguistics}
}


